@book{langsci-current-book, author = {Hossep Dolatian\\Michele Sigler}, title = {{Grammar of Western Armenian}}, year = {2022}, series = {Comprehensive Grammar Library}, number = {}, location = {Berlin}, publisher = {Language Science Press}, options = {dataonly=true} } 
